<record><leader>00000cas a22000007a 4500</leader><controlfield tag="001">49746760</controlfield><controlfield tag="008">020508d20022004ksuwr ne      0   a0eng c</controlfield><datafield ind1=" " ind2=" " tag="010"><subfield code="a">  2002212863</subfield></datafield><datafield ind1=" " ind2=" " tag="040"><subfield code="a">NSD</subfield><subfield code="b">eng</subfield><subfield code="c">NSD</subfield><subfield code="d">OCLCQ</subfield></datafield><datafield ind1=" " ind2=" " tag="012"><subfield code="j">0</subfield><subfield code="m">d</subfield></datafield><datafield ind1="0" ind2=" " tag="022"><subfield code="a">1539-9389</subfield><subfield code="l">1539-9389</subfield><subfield code="y">1538-5892</subfield><subfield code="2">1</subfield></datafield><datafield ind1=" " ind2=" " tag="037"><subfield code="b">Wyandotte County Legal News, 207 1/2 Oak St., Suite 150, Bonner Springs, KS 66012</subfield></datafield><datafield ind1=" " ind2=" " tag="042"><subfield code="a">nsdp</subfield><subfield code="a">pcc</subfield></datafield><datafield ind1="1" ind2="0" tag="082"><subfield code="a">349</subfield><subfield code="2">13</subfield></datafield><datafield ind1="0" ind2=" " tag="130"><subfield code="a">Wyandotte County legal news (Kansas City, Kan. : 2002)</subfield></datafield><datafield ind1="0" ind2=" " tag="210"><subfield code="a">Wyandotte County leg. news</subfield><subfield code="b">(2002)</subfield></datafield><datafield ind1=" " ind2="0" tag="222"><subfield code="a">Wyandotte County legal news</subfield><subfield code="b">(2002)</subfield></datafield><datafield ind1="1" ind2="0" tag="245"><subfield code="a">Wyandotte County legal news.</subfield></datafield><datafield ind1=" " ind2=" " tag="260"><subfield code="a">Kansas City, KS :</subfield><subfield code="b">Lewis Legal News, Inc.</subfield></datafield><datafield ind1=" " ind2=" " tag="300"><subfield code="a">v.</subfield></datafield><datafield ind1=" " ind2=" " tag="310"><subfield code="a">Weekly</subfield></datafield><datafield ind1="1" ind2=" " tag="362"><subfield code="a">Ceased in 2004?</subfield></datafield><datafield ind1=" " ind2=" " tag="588"><subfield code="a">Description based on surrogate of: Vol. 4, no. 12 (Mar. 25, 2002).</subfield></datafield><datafield ind1=" " ind2=" " tag="752"><subfield code="a">United States</subfield><subfield code="b">Kansas</subfield><subfield code="c">Wyandotte.</subfield></datafield><datafield ind1="0" ind2="0" tag="780"><subfield code="t">Wyandotte County legal news &amp; Wyandotte world</subfield><subfield code="x">1538-5892</subfield><subfield code="w">(DLC)  2002211356</subfield></datafield><datafield ind1="0" ind2="0" tag="785"><subfield code="t">Wyandotte County business news</subfield><subfield code="x">1554-8104</subfield><subfield code="w">(DLC)  2005215338</subfield><subfield code="w">(OCoLC)57571060</subfield></datafield><datafield ind1="1" ind2=" " tag="029"><subfield code="a">AU@</subfield><subfield code="b">000023557868</subfield></datafield></record>